<record><leader>00000cas a22000007a 4500</leader><controlfield tag="001">12435100</controlfield><controlfield tag="008">850828d18811881wiuwr ne      0    0eng d</controlfield><datafield ind1=" " ind2=" " tag="010"><subfield code="a">sn 85041136 </subfield></datafield><datafield ind1=" " ind2=" " tag="040"><subfield code="a">NPV</subfield><subfield code="b">eng</subfield><subfield code="c">NPV</subfield><subfield code="d">OCLCQ</subfield></datafield><datafield ind1=" " ind2=" " tag="042"><subfield code="a">msc</subfield></datafield><datafield ind1=" " ind2=" " tag="045"><subfield code="a">w8w8</subfield></datafield><datafield ind1=" " ind2=" " tag="052"><subfield code="a">4123</subfield><subfield code="b">O9</subfield></datafield><datafield ind1="0" ind2="0" tag="245"><subfield code="a">Ozaukee County enterprise.</subfield></datafield><datafield ind1=" " ind2=" " tag="260"><subfield code="a">Cedarburg, Wis. :</subfield><subfield code="b">Frederick Meyer &amp; Co.,</subfield><subfield code="c">1881-</subfield></datafield><datafield ind1=" " ind2=" " tag="300"><subfield code="a">v. :</subfield><subfield code="b">ill.</subfield></datafield><datafield ind1=" " ind2=" " tag="310"><subfield code="a">Weekly</subfield></datafield><datafield ind1="0" ind2=" " tag="362"><subfield code="a">Vol. 2, no. 35 (Jan. 5, 1881)-</subfield></datafield><datafield ind1="1" ind2=" " tag="362"><subfield code="a">Ceased with May 31, 1881 issue.</subfield><subfield code="z">Cf. Oehlerts, d. E. Guide to Wis. newspapers.</subfield></datafield><datafield ind1=" " ind2=" " tag="752"><subfield code="a">United States</subfield><subfield code="b">Wisconsin</subfield><subfield code="c">Ozaukee</subfield><subfield code="d">Cedarburg.</subfield></datafield><datafield ind1="0" ind2="0" tag="780"><subfield code="t">Cedarburg enterprise</subfield><subfield code="w">(DLC)sn 85041135</subfield></datafield></record>